@online{universidad-san-carlos-2016,
	author = {{Universidad San Carlos}},
	date = {2016-02},
	language = {american},
	title = {Manual de elaboración y presentación de tesis},
	url = {https://www.sancarlos.edu.py/documentos/Manual_de_Elaboracion_%20y_%20Presentacion_de_Tesis.pdf},
}

@online{sosa-no-date,
	author = {given-i=Domingo, family=Sosa and given-i=Ferando, family=Alvarenga},
	language = {american},
	title = {Técnicas de toma y remisión de muestras de suelos},
	url = {https://inta.gob.ar/sites/default/files/script-tmp-tcnicas_de_toma_y_remisin_de_muestras_de_suelos.pdf},
}

@online{gobpe-ministerio-del-ambiente-2014,
	author = {{Gob.Pe Ministerio Del Ambiente}},
	date = {2014},
	language = {american},
	title = {Guía para muestreo de suelos},
	url = {https://www.minam.gob.pe/wp-content/uploads/2014/04/GUIA-MUESTREO-SUELO_MINAM1.pdf},
}

@online{unknown-author-2007,
	date = {2007},
	language = {american},
	title = {Instituto nacional de ecología},
	url = {http://www2.inecc.gob.mx/publicaciones2/libros/459/cap3.html},
}

@online{lassaga-2011,
	author = {given-i={Susana Scheweizer}, family=Lassaga},
	date = {2011},
	language = {american},
	title = {MUESTREO Y ANÁLISIS DE SUELOS PARA DIAGNÓSTICO DE FERTILIDAD},
	url = {http://www.mag.go.cr/bibliotecavirtual/P33-9965.pdf},
}

@book{lohr-2009,
	author = {given-i=S.L., given=Sharon, family=Lohr},
	date = {2009},
	edition = {2},
	language = {american},
	publisher = {Cengage Learning},
	title = {Sampling: Design and Analysis (Advanced Series)},
}

@online{organizacion-de-las-naciones-unidas-para-la-agricultura-y-la-alimentacion-1990,
	author = {{Organización de las naciones unidas para la agricultura y la alimentación}},
	date = {1990},
	language = {american},
	title = {Métodos de muestreo para las encuestas agrícolas},
	url = {http://www.fao.org/3/ca5865es/CA5865ES.pdf},
}

@book{thompson-2012,
	author = {given-i=S.K., given=Steven, family=Thompson},
	date = {2012},
	edition = {3},
	language = {american},
	publisher = {Wiley},
	title = {Sampling},
}